

 https://www.postgresql.org/about/

 https://www.wemakefuture.com/tools/supabase